@book{trefethen,
    author = {L.N. Trefethen and D. Bau},
    title = {Numerical Linear Algebra},
    publisher = {Siam},
    year = {1997}
}

%@book{LEPL1104,
%    author = {V. Legat},
%    title = {Mathématiques et méthodes numériques},
%    edition = {version 7.1},
%    year = {2018},
%    institution = {Ecole Polytechnique de Louvain}
%}

%@book{PCG,
%  author={F. Henrotte},
%  title={LINMA1170 - Méthodes Iteratives},
%  date={2020-11-24},
%  institution = {Ecole Polytechnique de Louvain}
%}

@online{sparseLinAlgebra,
    author={P. Amestoy and A. Buttari},
    title = {Sparse Linear Algebra: Direct Methods, advanced features},
    url = {http://buttari.perso.enseeiht.fr/docs/ALC_Toulouse.pdf},
    date = {2013},
    urldate = {2020-04-10}
}

@online{factorizationSparse,
    author = {Xiaoye Sherry Li},
    title = {Factorization-based Sparse Solvers and Preconditioners},
    url = {https://archive.siam.org/students/g2s3/2013/lecturers/XSLi/Lecture-Notes/sherry.pdf},
    date = {2013},
    urldate = {2020-04-11},
    institution = {Lawrence Berkeley National Laboratory}
}

@online{parallelNumerical,
    author={Michael T. Heath and Edgar Solomonik},
    title = {Parallel Numerical Algorithms},
    url = {https://solomonik.cs.illinois.edu/teaching/cs554_fall2017/slides/slides_08.pdf},
    date = {2015},
    urldate = {2020-04-10},
    institution = {University of Illinois}
}

@online{graphOrdering,
    author={Yaoliang Yu},
    title = {Graph Representation and Ordering},
    url = {https://cs.uwaterloo.ca/~y328yu/mycourses/475-2018/lectures/lec05.pdf},
    date = {2018},
    urldate = {2020-04-25},
    institution = {University of Waterloo}
}

